@inproceedings{li2017decomposition,
  title={Decomposition and Collaboration of Industrial Control System with Resource Constraints},
  author={Li, Ju and Xiong, Jiawen and Mao, Xia and Shi, Jianqi and Ye, Xin and Huang, Yanhong},
  booktitle={Engineering of Complex Computer Systems (ICECCS), 2017 22nd International Conference on},
  pages={162--165},
  year={2017},
  organization={IEEE}
}

@article{thramboulidis2011towards,
  title={Towards a model-driven IEC 61131-based development process in industrial automation},
  author={Thramboulidis, Kleanthis and Frey, Georg},
  journal={Journal of Software Engineering and Applications},
  volume={4},
  number={04},
  pages={217},
  year={2011},
  publisher={Scientific Research Publishing}
}

@article{rezazadeh2007redevelopment,
  title={Redevelopment of an industrial case study using Event-B and Rodin},
  author={Rezazadeh, Abdolbaghi and Evans, Neil and Butler, Michael},
  year={2007}
}

@article{guo2008efficient,
  title={Efficient hardware code generation for FPGAs},
  author={Guo, Zhi and Najjar, Walid and Buyukkurt, Betul},
  journal={ACM Transactions on Architecture and Code Optimization (TACO)},
  volume={5},
  number={1},
  pages={6},
  year={2008},
  publisher={ACM}
}

@inproceedings{moreira2010automatic,
  title={Automatic code generation for embedded systems: From UML specifications to VHDL code},
  author={Moreira, Tomas G and Wehrmeister, Marco A and Pereira, Carlos E and Petin, Jean-Francois and Levrat, Eric},
  booktitle={Industrial Informatics (INDIN), 2010 8th IEEE International Conference on},
  pages={1085--1090},
  year={2010},
  organization={IEEE}
}

@inproceedings{vogel2005automatic,
  title={Automatic code generation from a UML model to IEC 61131-3 and system configuration tools},
  author={Vogel-Heuser, Birgit and Witsch, Daniel and Katzke, Uwe},
  booktitle={Control and Automation, 2005. ICCA'05. International Conference on},
  volume={2},
  pages={1034--1039},
  year={2005},
  organization={IEEE}
}

@inproceedings{music2005iec,
  title={Iec 61131-3 compliant control code generation from discrete event models},
  author={Music, Gasper and Gradisar, Dejan and Matko, Drago},
  booktitle={Intelligent Control, 2005. Proceedings of the 2005 IEEE International Symposium on, Mediterrean Conference on Control and Automation},
  pages={346--351},
  year={2005},
  organization={IEEE}
}
